%!TEX root = index.tex
@article{jeeModels,
author = {Andrew Jamison and Anette Kolmos and Jette Egelund Holgaard},
title = {Hybrid Learning: An Integrative Approach to Engineering Education},
journal ={Journal of Engineering Education},
volume = {103},
number = {2},
year = {2014},
pages = {253-273},
doi = {10.1002/jee.20041},
publisher = {ASEE}
}

@article{entrepreneurship,
author = {Marge Täks and Päivi Tynjälä and MartinToding and Hasso Kukemelk and UrveVenesaar},
title = {Engineering Student's Experiences in Studying Entrepreneurship},
journal ={Journal of Engineering Education},
volume = {103},
number = {4},
year = {2014},
pages = {573-598},
doi = {10.1002/jee.20056},
publisher = {ASEE}
}

@article{tecnopuc,
author = {Gabriela Cardozo Ferreira and Alessandra Freitas Soria and Lisiane Closs},
title = {Gestão da interação Universidade-Empresa: o caso PUCRS},
journal ={Revista Sociedade e Estado},
volume = {27},
number = {1},
year = {2012},
pages = {79-94}
}

@techreport{tifgv,
author = {Fernando S. Meirelles},
title = {27\textsuperscript{a} Pesquisa Anual do Uso de TI},
institution = {Fundação Getúlio Vargas},
year = {2016}
}

@online{idc,
  organization = {IDC Brasil},
  title = {Previsão da IDC para o mercado de TIC no Brasil em 2016 aponta crescimento de 2,6\%},
  month = jan,
  year = {2016},
  url = {http://br.idclatin.com/releases/news.aspx?id=1970}
}

@online{bls,
  organization = {Bureau of Labor Statistics},
  institution = {U.S. Department of Labor},
  title = {Occupational Outlook Handbook, 2016-17 Edition},
  month = dec,
  year = {2015},
  url = {http://www.bls.gov/ooh/computer-and-information-technology/computer-programmers.htm}
}

@article{parquestecnologicos,
author = {Conceição Aparecida Vedovello and Valéria Maria Martins Judice and Anne-Marie Dalaunay Maculan},
title = {Revisão crítica às abordagens a parques tecnológicos: alternativas interpretativas às experiências brasileiras recentes},
journal ={Revista de Administração e Inovação},
volume = {3},
number = {2},
year = {2006},
pages = {103-118}
}

@article{plonsky,
author = {Guilherme Ary Plonski},
title = {Cooperação universidade-empresa: um desafio gerencial complexo},
journal ={Revista de Administração},
volume = {34},
number = {4},
year = {1999},
month = oct/dec,
pages = {5-12}
}

@article{etzkowitz1998,
author = {Henry Etzkowitz},
title = {The norm of entrepreneurial science: cognitive effects of the new University-Industry linkages},
journal ={Research Policy},
volume = {27},
year = {1998},
pages = {823-833}
}

@article{etzkowitz2001,
author = {Henry Etzkowitz},
title = {The second academic revolution and the rise of entrepreneurial science},
journal ={Technology and Society Magazine},
year = {2001},
pages = {19-29},
publisher = {IEEE}
}

@incollection{burton,
author = {Burton Clark},
title = {Pursuing the entrepreneurial university},
booktitle = {Inovação e empreendedorismo na universidade},
chapter = {1},
year = {2006},
publisher = {EDIPUCRS}
}

@article{etzkowitz2000,
author = {Henry Etzkowitz and Loet Leydesdorff},
title = {The dynamics of innovation: from National Systems and "Mode 2" to a Triple Helix of university-industry-government relations},
journal ={Research Policy},
year = {2000},
volume = {29},
pages = {109-123}
}

@inproceedings{dtlabs, 
author = {René Rohrbeck and Heinrich Martin Arnold},
title = {Making University-Industry Collaboration Work - A Case Study on the Deutsche Telekom Laboratories Contrasted with Findings in Literature},
booktitle = {Networks for Innovation},
year = 2006,
organization = {The International Society for Professional Innovation Management Conference}
}

@article{barriers,
author = {R Van Dierdonick and K Debackere},
title = {Academic Entrepreneurship at Belgium Universities},
journal = {R \& D Management},
volume = {18},
number = {4},
pages = {341},
year = {1998}
}

@manual{portodigital,
title = {APL de Tecnologia da Informação e Comunicação Porto Digital},
organization = {Porto Digital},
year = {2008},
month = jun
}

@article{empreendedorismo,
author = {Renato Garcia and Veneziano Araújo and Suelene Mascarini and Andrea Oliveira Silva and Ruben Ascúa},
title = {Empreendedorismo acadêmico no Brasil: uma avaliação á criação de empresas por alunos universitários},
journal = {Revista de Empreendedorismo e Gestão de Pequenas Empresas},
volume = {1},
number = {3},
year = {2012}
}